<?xml version="1.0" encoding="UTF-8"?><collection xmlns="http://www.loc.gov/MARC21/slim"><record><leader>00566nam--2200193-i-4500</leader><controlfield tag="001">000022375</controlfield><controlfield tag="002">20161230</controlfield><controlfield tag="005">20161230201034</controlfield><controlfield tag="008">060222s1000------------r-----000-0-eng-d</controlfield><datafield ind1=" " ind2=" " tag="040"><subfield code="a">IFIN-HH</subfield></datafield><datafield ind1=" " ind2=" " tag="080"><subfield code="a">539.12.04:57.088.6</subfield></datafield><datafield ind1="1" ind2=" " tag="100"><subfield code="a">Taliaferro, W.H</subfield></datafield><datafield ind1="1" ind2="0" tag="245"><subfield code="a">Radiation and immune mechanisms</subfield><subfield code="c">W.h. taliaferro, l.g. taliaferro, b.n. jaroslaw</subfield></datafield><datafield ind1=" " ind2=" " tag="260"><subfield code="a">New York</subfield><subfield code="b">Academic Press</subfield><subfield code="c">1964</subfield></datafield><datafield ind1=" " ind2=" " tag="300"><subfield code="a">XVI + 152P</subfield></datafield><datafield ind1=" " ind2=" " tag="490"><subfield code="a">Monograph Series On Radiation Biology</subfield></datafield><datafield ind1="1" ind2=" " tag="700"><subfield code="a">Jaroslaw, B.N</subfield></datafield><datafield ind1=" " ind2=" " tag="852"><subfield code="a">21126</subfield><subfield code="c">539.12.04</subfield></datafield><datafield ind1=" " ind2=" " tag="CAT"><subfield code="a">Sys</subfield><subfield code="c">20120206</subfield><subfield code="h">140850</subfield></datafield></record></collection>